<record><leader>00000cas a22000007a 4500</leader><controlfield tag="001">18832396</controlfield><controlfield tag="008">881202d19641967iduir ne      0    0eng d</controlfield><datafield ind1=" " ind2=" " tag="010"><subfield code="a">sn 88056137 </subfield></datafield><datafield ind1=" " ind2=" " tag="040"><subfield code="a">NVB</subfield><subfield code="b">eng</subfield><subfield code="c">NVB</subfield><subfield code="d">OCLCQ</subfield><subfield code="d">OCLCF</subfield><subfield code="d">OCLCO</subfield></datafield><datafield ind1=" " ind2=" " tag="042"><subfield code="a">msc</subfield></datafield><datafield ind1=" " ind2=" " tag="043"><subfield code="a">n-us-id</subfield></datafield><datafield ind1="0" ind2="4" tag="245"><subfield code="a">The Burley herald-bulletin.</subfield></datafield><datafield ind1=" " ind2=" " tag="260"><subfield code="a">Burley, Idaho :</subfield><subfield code="b">Burley Newspapers</subfield></datafield><datafield ind1=" " ind2=" " tag="300"><subfield code="a">v.</subfield></datafield><datafield ind1=" " ind2=" " tag="310"><subfield code="a">Triweekly</subfield></datafield><datafield ind1="0" ind2=" " tag="362"><subfield code="a">Vol. 60, no. 28 (July 1, 1964)-v. 63, no. 54 (Aug. 30, 1967).</subfield></datafield><datafield ind1=" " ind2="0" tag="651"><subfield code="a">Burley (Idaho)</subfield><subfield code="v">Newspapers.</subfield></datafield><datafield ind1=" " ind2="7" tag="655"><subfield code="a">Newspapers.</subfield><subfield code="2">fast</subfield><subfield code="0">(OCoLC)fst01423814</subfield></datafield><datafield ind1=" " ind2="7" tag="651"><subfield code="a">Idaho</subfield><subfield code="z">Burley.</subfield><subfield code="2">fast</subfield><subfield code="0">(OCoLC)fst01220489</subfield></datafield><datafield ind1=" " ind2=" " tag="752"><subfield code="a">United States</subfield><subfield code="b">Idaho</subfield><subfield code="c">Cassia</subfield><subfield code="d">Burley.</subfield></datafield><datafield ind1="0" ind2="0" tag="780"><subfield code="t">Herald-bulletin (Burley, Idaho)</subfield><subfield code="w">(DLC)sn 88056129</subfield></datafield><datafield ind1="0" ind2="0" tag="785"><subfield code="t">World (Burley, Idaho)</subfield><subfield code="w">(DLC)sn 88056130</subfield></datafield></record>